<record><leader>00000cas a2200000 a 4500</leader><controlfield tag="001">11103183</controlfield><controlfield tag="008">840829d18541919inuwr ne      0    0eng c</controlfield><datafield ind1=" " ind2=" " tag="010"><subfield code="a">sn 84023966 </subfield></datafield><datafield ind1=" " ind2=" " tag="040"><subfield code="a">AQM</subfield><subfield code="b">eng</subfield><subfield code="c">AQM</subfield><subfield code="d">OCLCQ</subfield><subfield code="d">IUL</subfield><subfield code="d">OCLCF</subfield></datafield><datafield ind1="1" ind2=" " tag="029"><subfield code="a">AU@</subfield><subfield code="b">000025829540</subfield></datafield><datafield ind1=" " ind2=" " tag="042"><subfield code="a">pcc</subfield></datafield><datafield ind1=" " ind2=" " tag="043"><subfield code="a">n-us-in</subfield></datafield><datafield ind1="0" ind2=" " tag="130"><subfield code="a">National Democrat (Jeffersonville, Ind.)</subfield></datafield><datafield ind1="1" ind2="4" tag="245"><subfield code="a">The national Democrat.</subfield></datafield><datafield ind1="3" ind2="0" tag="246"><subfield code="a">Weekly national Democrat</subfield></datafield><datafield ind1=" " ind2=" " tag="260"><subfield code="a">Jeffersonville, Ind. :</subfield><subfield code="b">Reuben Dailey</subfield></datafield><datafield ind1=" " ind2=" " tag="300"><subfield code="a">64 volumes :</subfield><subfield code="b">illustrations ;</subfield><subfield code="c">61 cm</subfield></datafield><datafield ind1=" " ind2=" " tag="310"><subfield code="a">Weekly</subfield></datafield><datafield ind1="1" ind2=" " tag="362"><subfield code="a">Began with Nov. 11, 1854 issue; ceased in Sept. 1919.</subfield><subfield code="z">Cf. Miller, J.W. Ind. newspaper bibl.</subfield></datafield><datafield ind1=" " ind2=" " tag="500"><subfield code="a">For a brief period in late 1858 and early 1859 the paper called itself "The Weekly national Democrat."</subfield></datafield><datafield ind1=" " ind2=" " tag="500"><subfield code="a">Editors: A.J. Howard, &lt;1856&gt;; Reuben Dailey, &lt;1876&gt;.</subfield></datafield><datafield ind1=" " ind2=" " tag="500"><subfield code="a">Publishers: Lee &amp; Henry, 1854-&lt;1855&gt;; William Lee, &lt;1855&gt;-1856; Wilse &amp; Nixon; Henry B. Woods; Reuben Dailey, 1872-&lt;1876&gt;.</subfield></datafield><datafield ind1=" " ind2=" " tag="500"><subfield code="a">"Democratic."</subfield></datafield><datafield ind1=" " ind2=" " tag="580"><subfield code="a">Published also in a daily edition called: 1872-1873, Jeffersonville evening news; 1873-1878 or 9, Evening news (1873); 1878 or 9-1891, Daily Evening news; 1891-1897, Jeffersonville news; 1897-1919, Evening news (1897).</subfield></datafield><datafield ind1=" " ind2=" " tag="588"><subfield code="a">Description based on: Vol. 4, no. 50 (Oct. 20, 1858).</subfield></datafield><datafield ind1=" " ind2=" " tag="588"><subfield code="a">Latest issue consulted: Vol. 60, no. [25] (June 23, 1916); U.S. Newspaper Archive (viewed May 18, 2017).</subfield></datafield><datafield ind1=" " ind2="0" tag="651"><subfield code="a">Jeffersonville (Ind.)</subfield><subfield code="v">Newspapers.</subfield></datafield><datafield ind1=" " ind2="0" tag="651"><subfield code="a">Clark County (Ind.)</subfield><subfield code="v">Newspapers.</subfield></datafield><datafield ind1=" " ind2="7" tag="655"><subfield code="a">Newspapers.</subfield><subfield code="2">rbgenr</subfield></datafield><datafield ind1=" " ind2="7" tag="655"><subfield code="a">Newspapers.</subfield><subfield code="2">fast</subfield><subfield code="0">(OCoLC)fst01423814</subfield></datafield><datafield ind1=" " ind2="7" tag="651"><subfield code="a">Indiana</subfield><subfield code="z">Clark County.</subfield><subfield code="2">fast</subfield><subfield code="0">(OCoLC)fst01205463</subfield></datafield><datafield ind1=" " ind2="7" tag="651"><subfield code="a">Indiana</subfield><subfield code="z">Jeffersonville.</subfield><subfield code="2">fast</subfield><subfield code="0">(OCoLC)fst01212579</subfield></datafield><datafield ind1=" " ind2=" " tag="752"><subfield code="a">United States</subfield><subfield code="b">Indiana</subfield><subfield code="c">Clark</subfield><subfield code="d">Jeffersonville.</subfield></datafield><datafield ind1="1" ind2=" " tag="775"><subfield code="t">Evening news (Jeffersonville, Ind. : 1897)</subfield><subfield code="w">(DLC)sn 85048138</subfield><subfield code="w">(OCoLC)12744507</subfield></datafield><datafield ind1="1" ind2=" " tag="775"><subfield code="t">Jeffersonville evening news</subfield><subfield code="w">(DLC)sn 85048135</subfield><subfield code="w">(OCoLC)12744305</subfield></datafield><datafield ind1="1" ind2=" " tag="775"><subfield code="t">Evening news (Jeffersonville, Ind. : 1873)</subfield><subfield code="w">(DLC)sn 84023967</subfield><subfield code="w">(OCoLC)11103143</subfield></datafield><datafield ind1="1" ind2=" " tag="775"><subfield code="t">Daily evening news (Jeffersonville, Ind.)</subfield><subfield code="w">(DLC)sn 85048136</subfield><subfield code="w">(OCoLC)12744410</subfield></datafield><datafield ind1="1" ind2=" " tag="775"><subfield code="t">Jeffersonville news</subfield><subfield code="w">(DLC)sn 85048137</subfield><subfield code="w">(OCoLC)12744455</subfield></datafield><datafield ind1="0" ind2="7" tag="785"><subfield code="t">Citizen-record</subfield><subfield code="w">(DLC)sn 84045442</subfield><subfield code="w">(OCoLC)11332310</subfield></datafield><datafield ind1="0" ind2="7" tag="785"><subfield code="t">National Democrat and The citizen-record</subfield><subfield code="w">(DLC)sn 84045431</subfield><subfield code="w">(OCoLC)11330448</subfield></datafield><datafield ind1="4" ind2="1" tag="856"><subfield code="u">https://access.newspaperarchive.com/us/indiana/jeffersonville/jeffersonville-national-democrat/</subfield></datafield></record>